
 @online{git,
    author = "Scott Chacon, Ben Straub ",
    title = "Pro Git",
    url  = "https://git-scm.com/book/en/v2",
    addendum = "(revisado: 15.03.2022)",
    keywords = "git"
}

 @online{atlassian,

    title = "Become a git guru",
    url  = "https://www.atlassian.com/git/tutorials",
    addendum = "(revisado: 15.03.2022)",
    keywords = "git"
}

 @online{overleaf,

    title = "Using Git and GitHub",
    url  = "https://www.overleaf.com/learn/how-to/Using_Git_and_GitHub",
    addendum = "(revisado: 15.03.2022)",
    keywords = "git"
}

 @online{think,
    author = "Sam Livingston-Gray ",
    title = "Think Like (a) Git",
    url  = "http://think-like-a-git.net/",
    addendum = "(revisado: 15.03.2022)",
    keywords = "git"
}

 @online{repo,
    author = "Jesus Rivera",
    title = "Git",
    url  = "https://gitlab.com/hunahpu18/git/-/blob/master/.gitignore",
    addendum = "(revisado: 15.03.2022)",
    keywords = "git"
}
https://gitlab.com/hunahpu18/git/-/blob/master/.gitignore